<record xmlns='http://www.loc.gov/MARC21/slim'><leader>01087nam a22002535i 4500</leader><controlfield tag='001'>10372293</controlfield><controlfield tag='005'>20170907132035.0</controlfield><controlfield tag='008'>170907s2017    njua     bm   000 0 eng d</controlfield><datafield ind1=' ' ind2=' ' tag='040'><subfield code='a'>NjP</subfield><subfield code='b'>eng</subfield><subfield code='e'>rda</subfield><subfield code='c'>NjP</subfield></datafield><datafield ind1='1' ind2=' ' tag='100'><subfield code='a'>Tasistro-Hart, Adrian,</subfield><subfield code='e'>author.</subfield></datafield><datafield ind1='1' ind2='0' tag='245'><subfield code='a'>Astronomically forced hydrology of the Late Cretaeous sub-tropical Potosí Basin /</subfield><subfield code='c'>Adrian Tasistro-Hart.</subfield></datafield><datafield ind1=' ' ind2='0' tag='264'><subfield code='a'>Princeton, NJ :</subfield><subfield code='b'>Princeton University, Department of Geosciences,</subfield><subfield code='c'>2017.</subfield></datafield><datafield ind1=' ' ind2=' ' tag='300'><subfield code='a'>xii, 112 leaves :</subfield><subfield code='b'>color illustrations ;</subfield><subfield code='c'>29 cm</subfield></datafield><datafield ind1=' ' ind2=' ' tag='336'><subfield code='a'>text</subfield><subfield code='2'>rdacontent</subfield></datafield><datafield ind1=' ' ind2=' ' tag='337'><subfield code='a'>unmediated</subfield><subfield code='2'>rdamedia</subfield></datafield><datafield ind1=' ' ind2=' ' tag='338'><subfield code='a'>volume</subfield><subfield code='2'>rdacarrier</subfield></datafield><datafield ind1=' ' ind2=' ' tag='500'><subfield code='a'>Advisors: Adam Maloof, Blair Schoene.</subfield></datafield><datafield ind1=' ' ind2=' ' tag='502'><subfield code='a'>Thesis (Senior)-Princeton University, 2017.</subfield></datafield><datafield ind1=' ' ind2=' ' tag='504'><subfield code='a'>Includes bibliographic references (leaves 56-60).</subfield></datafield><datafield ind1=' ' ind2=' ' tag='530'><subfield code='a'>Also available in an electronic version.</subfield></datafield><datafield ind1=' ' ind2='7' tag='655'><subfield code='a'>Academic dissertations.</subfield><subfield code='2'>rbgenr</subfield></datafield><datafield ind1='2' ind2=' ' tag='710'><subfield code='a'>Princeton University.</subfield><subfield code='b'>Department of Geosciences,</subfield><subfield code='e'>degree granting institution.</subfield></datafield><datafield ind1='4' ind2='1' tag='856'><subfield code='u'>http://arks.princeton.edu/ark:/88435/dsp015425kd270</subfield></datafield><datafield ind1=' ' ind2=' ' tag='902'><subfield code='a'>dtw</subfield><subfield code='b'>l</subfield><subfield code='6'>a</subfield><subfield code='7'>m</subfield><subfield code='d'>v</subfield><subfield code='f'>1</subfield><subfield code='e'>20170907</subfield></datafield><datafield ind1='8' ind2=' ' tag='852'><subfield code='0'>10136929</subfield><subfield code='b'>elf1</subfield><subfield code='h'>Electronic Resource</subfield></datafield><datafield ind1='8' ind2=' ' tag='852'><subfield code='0'>10136930</subfield><subfield code='b'>scith</subfield><subfield code='h'>SrTh GEO 2017 Tasistro-Hart</subfield></datafield><datafield ind1=' ' ind2=' ' tag='959'><subfield code='a'>2017-09-07 13:20:35 -0400</subfield></datafield></record>